 @article{Robillard_2023, title={Application of a deep learning image classifier for identification of Amazonian fishes}, volume={13}, ISSN={2045-7758}, url={http://dx.doi.org/10.1002/ece3.9987}, DOI={10.1002/ece3.9987}, number={5}, journal={Ecology and Evolution}, publisher={Wiley}, author={Robillard, Alexander J. and Trizna, Michael G. and Ruiz‐Tafur, Morgan and Dávila Panduro, Edgard Leonardo and de Santana, C. David and White, Alexander E. and Dikow, Rebecca B. and Deichmann, Jessica L.}, year={2023}, month=may }
,
 @article{Dikow_2023, title={Developing responsible AI practices at the Smithsonian Institution}, volume={9}, ISSN={2367-7163}, url={http://dx.doi.org/10.3897/RIO.9.E113334}, DOI={10.3897/rio.9.e113334}, journal={Research Ideas and Outcomes}, publisher={Pensoft Publishers}, author={Dikow, Rebecca and DiPietro, Corey and Trizna, Michael and BredenbeckCorp, Hanna and Bursell, Madeline and Ekwealor, Jenna and Hodel, Richard and Lopez, Nilda and Mattingly, William and Munro, Jeremy and Naples, Richard and Oubre, Candace and Robarge, Drew and Snyder, Sara and Spillane, Jennifer and Tomerlin, Melinda Jane and Villanueva, Luis and White, Alexander}, year={2023}, month=oct }
,
 @article{Dikow_2023, title={Let the Records Show: Attribution of Scientific Credit in Natural History Collections}, volume={184}, ISSN={1537-5315}, url={http://dx.doi.org/10.1086/724949}, DOI={10.1086/724949}, number={5}, journal={International Journal of Plant Sciences}, publisher={University of Chicago Press}, author={Dikow, Rebecca B. and Ekwealor, Jenna T. B. and Mattingly, William J. B. and Trizna, Michael G. and Harmon, Elizabeth and Dikow, Torsten and Arias, Carlos F. and Hodel, Richard G. J. and Spillane, Jennifer and Tsuchiya, Mirian T. N. and Villanueva, Luis and White, Alexander E. and Bursell, Madeline G. and Curry, Tiana and Inema, Christelle and Geronimo-Anctil, Kayla}, year={2023}, month=jun, pages={392–404} }
,
 @article{Borowiec_2022, title={Deep learning as a tool for ecology and evolution}, volume={13}, ISSN={2041-210X}, url={http://dx.doi.org/10.1111/2041-210X.13901}, DOI={10.1111/2041-210x.13901}, number={8}, journal={Methods in Ecology and Evolution}, publisher={Wiley}, author={Borowiec, Marek L. and Dikow, Rebecca B. and Frandsen, Paul B. and McKeeken, Alexander and Valentini, Gabriele and White, Alexander E.}, year={2022}, month=jun, pages={1640–1660} }
,
 @article{White_2021, title={Dispersal syndromes drive the formation of biogeographical regions, illustrated by the case of Wallace’s Line}, volume={30}, ISSN={1466-8238}, url={http://dx.doi.org/10.1111/geb.13250}, DOI={10.1111/geb.13250}, number={3}, journal={Global Ecology and Biogeography}, publisher={Wiley}, author={White, Alexander E. and Dey, Kushal K. and Stephens, Matthew and Price, Trevor D.}, editor={Nogué, Sandra}, year={2021}, month=jan, pages={685–696} }
,
 @article{Rana_2021, title={Key roles for the freezing line and disturbance in driving the low plant species richness of temperate regions}, volume={31}, ISSN={1466-8238}, url={http://dx.doi.org/10.1111/geb.13427}, DOI={10.1111/geb.13427}, number={2}, journal={Global Ecology and Biogeography}, publisher={Wiley}, author={Rana, Suresh K. and White, Alexander E. and Price, Trevor D.}, year={2021}, month=nov, pages={280–293} }
,
@article{White_2020,
	doi = {10.1073/pnas.2020870117},
	url = {https://doi.org/10.1073%2Fpnas.2020870117},
	year = 2020,
	month = {nov},
	publisher = {Proceedings of the National Academy of Sciences},
	volume = {117},
	number = {47},
	pages = {29268--29270},
	author = {Alexander E. White},
	title = {Deep learning in deep time},
	journal = {Proceedings of the National Academy of Sciences}
},
 @article{White_2020, title={Generating segmentation masks of herbarium specimens and a data set for training segmentation models using deep learning}, volume={8}, ISSN={2168-0450}, url={http://dx.doi.org/10.1002/aps3.11352}, DOI={10.1002/aps3.11352}, number={6}, journal={Applications in Plant Sciences}, publisher={Wiley}, author={White, Alexander E. and Dikow, Rebecca B. and Baugh, Makinnon and Jenkins, Abigail and Frandsen, Paul B.}, year={2020}, month=jun }
,
 @article{Pearson_2020, title={Machine Learning Using Digitized Herbarium Specimens to Advance Phenological Research}, volume={70}, ISSN={1525-3244}, url={http://dx.doi.org/10.1093/biosci/biaa044}, DOI={10.1093/biosci/biaa044}, number={7}, journal={BioScience}, publisher={Oxford University Press (OUP)}, author={Pearson, Katelin D and Nelson, Gil and Aronson, Myla F J and Bonnet, Pierre and Brenskelle, Laura and Davis, Charles C and Denny, Ellen G and Ellwood, Elizabeth R and Goëau, Hervé and Heberling, J Mason and Joly, Alexis and Lorieul, Titouan and Mazer, Susan J and Meineke, Emily K and Stucky, Brian J and Sweeney, Patrick and White, Alexander E and Soltis, Pamela S}, year={2020}, month=may, pages={610–620} }
,
 @article{Earl_2019, title={Discovering Patterns of Biodiversity in Insects Using Deep Machine Learning}, volume={3}, ISSN={2535-0897}, url={http://dx.doi.org/10.3897/biss.3.37525}, DOI={10.3897/biss.3.37525}, journal={Biodiversity Information Science and Standards}, publisher={Pensoft Publishers}, author={Earl, Chandra and White, Alexander and Trizna, Michael and Frandsen, Paul and Kawahara, Akito and Brady, Sean and Dikow, Rebecca}, year={2019}, month=jul }
,
 @article{White_2019, title={Evaluating Geographic Patterns of Morphological Diversity in Ferns and Lycophytes Using Deep Neural Networks}, volume={3}, ISSN={2535-0897}, url={http://dx.doi.org/10.3897/biss.3.37559}, DOI={10.3897/biss.3.37559}, journal={Biodiversity Information Science and Standards}, publisher={Pensoft Publishers}, author={White, Alexander and Trizna, Michael and Frandsen, Paul and Dorr, Laurence and Dikow, Rebecca and Schuettpelz, Eric}, year={2019}, month=jul }
,
 @article{White_2019, title={Generating Masks for Image Segmentation in Digitized Herbarium Specimens}, volume={3}, ISSN={2535-0897}, url={http://dx.doi.org/10.3897/biss.3.37479}, DOI={10.3897/biss.3.37479}, journal={Biodiversity Information Science and Standards}, publisher={Pensoft Publishers}, author={White, Alexander and Dikow, Rebecca and Baugh, Makinnon and Jenkins, Abby and Frandsen, Paul}, year={2019}, month=jun }
,
 @article{Schumm_2019, title={Common latitudinal gradients in functional richness and functional evenness across marine and terrestrial systems}, volume={286}, ISSN={1471-2954}, url={http://dx.doi.org/10.1098/rspb.2019.0745}, DOI={10.1098/rspb.2019.0745}, number={1908}, journal={Proceedings of the Royal Society B: Biological Sciences}, publisher={The Royal Society}, author={Schumm, M. and Edie, S. M. and Collins, K. S. and Gómez-Bahamón, V. and Supriya, K. and White, A. E. and Price, T. D. and Jablonski, D.}, year={2019}, month=jul, pages={20190745} }
,
 @article{White_2019, title={Regional influences on community structure across the tropical-temperate divide}, volume={10}, ISSN={2041-1723}, url={http://dx.doi.org/10.1038/s41467-019-10253-6}, DOI={10.1038/s41467-019-10253-6}, number={1}, journal={Nature Communications}, publisher={Springer Science and Business Media LLC}, author={White, Alexander E. and Dey, Kushal K. and Mohan, Dhananjai and Stephens, Matthew and Price, Trevor D.}, year={2019}, month=jun }
,
@article{White_2016,doi = {10.1086/686890},url = {http://dx.doi.org/10.1086/686890},year = 2016,month = {may},publisher = {University of Chicago Press},pages = {000--000},author = {Alexander E. White},editor = {Kevin J. Gaston and Judith L. Bronstein},title = {Geographical Barriers and Dispersal Propensity Interact to Limit Range Expansions of Himalayan Birds},journal = {The American Naturalist}},
 @article{Toma_ov_ch_2016, title={Unifying latitudinal gradients in range size and richness across marine and terrestrial systems}, volume={283}, ISSN={1471-2954}, url={http://dx.doi.org/10.1098/rspb.2015.3027}, DOI={10.1098/rspb.2015.3027}, number={1830}, journal={Proceedings of the Royal Society B: Biological Sciences}, publisher={The Royal Society}, author={Tomašových, Adam and Kennedy, Jonathan D. and Betzner, Tristan J. and Kuehnle, Nicole Bitler and Edie, Stewart and Kim, Sora and Supriya, K. and White, Alexander E. and Rahbek, Carsten and Huang, Shan and Price, Trevor D. and Jablonski, David}, year={2016}, month=may, pages={20153027} }
